<collection xmlns="http://www.loc.gov/MARC21/slim">
<record>
  <leader>01247nam0a22002411i 450 </leader>
  <controlfield tag="001">IT\ICCU\CNCE\033322</controlfield>
  <controlfield tag="005">20140410000000.0</controlfield>
  <datafield tag="012" ind1=" " ind2=" ">
    <subfield code="a">u.I. ame- ueia a-t- (S) 1594 (Q)</subfield>
    <subfield code="2">fei</subfield>
  </datafield>
  <datafield tag="100" ind1=" " ind2=" ">
    <subfield code="a">19971218f1594        0itac0103    ba</subfield>
  </datafield>
  <datafield tag="101" ind1=" " ind2=" ">
    <subfield code="a">LAT</subfield>
  </datafield>
  <datafield tag="102" ind1=" " ind2=" ">
    <subfield code="a">IT</subfield>
  </datafield>
  <datafield tag="200" ind1="1" ind2=" ">
    <subfield code="a">Perillustribus viris Ghirono Valperga comiti, et Vercell. pro serenissimo duce gubernatori. Ac Nicolao Agatiae senatori optimo Franciscus Valentinus Magnetus perpetuam animi et corporis salubritatem</subfield>
  </datafield>
  <datafield tag="210" ind1=" " ind2=" ">
    <subfield code="a">Vercellis</subfield>
    <subfield code="c">apud Franciscum Peliparium</subfield>
    <subfield code="d">\1594?!</subfield>
  </datafield>
  <datafield tag="215" ind1=" " ind2=" ">
    <subfield code="a">1 foglio</subfield>
    <subfield code="d">1/2</subfield>
  </datafield>
  <datafield tag="300" ind1=" " ind2=" ">
    <subfield code="a">Lettera contro alcune tesi da discutersi da parte di Giovanni Andrea Negri - La data si ricava in calce al testo: Vercelli, 29 ottobre 1594</subfield>
  </datafield>
  <datafield tag="620" ind1=" " ind2=" ">
    <subfield code="a">IT</subfield>
    <subfield code="d">Vercelli</subfield>
  </datafield>
  <datafield tag="700" ind1=" " ind2="1">
    <subfield code="a">Magneti,</subfield>
    <subfield code="b">Francesco Valentino</subfield>
    <subfield code="3">IT\ICCU\CNCA\009635</subfield>
  </datafield>
  <datafield tag="712" ind1="0" ind2="0">
    <subfield code="a">Pellipari, Giovanni Francesco</subfield>
    <subfield code="3">IT\ICCU\CNCT\001220</subfield>
    <subfield code="4">650</subfield>
  </datafield>
  <datafield tag="791" ind1="0" ind2="0">
    <subfield code="a">Pellipparis, Giovanni Francesco</subfield>
    <subfield code="3">IT\ICCU\CNCT\002473</subfield>
    <subfield code="z">Pellipari, Giovanni Francesco</subfield>
  </datafield>
  <datafield tag="791" ind1="0" ind2="0">
    <subfield code="a">Peliparius, Franciscus</subfield>
    <subfield code="3">IT\ICCU\CNCT\004031</subfield>
    <subfield code="z">Pellipari, Giovanni Francesco</subfield>
  </datafield>
  <datafield tag="791" ind1="0" ind2="0">
    <subfield code="a">Peliparius, Ioannes Franciscus</subfield>
    <subfield code="3">IT\ICCU\CNCT\005344</subfield>
    <subfield code="z">Pellipari, Giovanni Francesco</subfield>
  </datafield>
  <datafield tag="801" ind1=" " ind2="3">
    <subfield code="a">IT</subfield>
    <subfield code="b">ICCU</subfield>
    <subfield code="c">20201114</subfield>
  </datafield>
  <datafield tag="899" ind1=" " ind2=" ">
    <subfield code="a">Biblioteca Reale. Torino</subfield>
    <subfield code="1">TO0263</subfield>
    <subfield code="2">TO0 07</subfield>
  </datafield>
</record>
</collection>
